@book{Cite1, 
  title={Social isolation and perceived barriers to establishing social networks among Latina immigrants},
  author={Hurtado-de-Mendoza A and Gonzales FA and Serrano A and Kaltman S},
  PMID={24402726},
  year={2014},
  publisher={American Journal of Community Psychology}
}
@book{Cite2,
  title={Social support and health: immigrants and refugees perspectives}, 
  author={Miriam J Stewart and Edward Makwarimba and Morton Beiser and Anne Neufeld and Laura Simich and Denise Spitzer},
  year={2010},
  publisher={Diversity and Equality in Health Care}
}

